    @BOOK{mining,
      author =       "Soumen Chakrabarti",
      title =        "Mining the web: Discovering Knowledge from Hypertex Data",
      publisher =    "Morgan Kaufmann Publishers",
      year =         "2003",
      note =         "ISBN~1-55860-754-4",
    }
    
    @ONLINE{rfc3986,
      author = "T. Berners-Lee and W3C/MIT and R. Fielding and Day Software and L. Masinter and Adobe Systems",
      title = "Uniform Resource Identifier (URI)",
      year = "leden 2005",
      url = "https://www.ietf.org/rfc/rfc3986.txt",
      cited = "13.\,5.\,2014"
    }
    
    @ONLINE{orient,
      author = "Orient Technologies",
      title = "OrientDB Manual - version 2.0",
      year = "2015",
      url = "http://orientdb.com/docs/last/",
      cited = "13.\,5.\,2014"
    }
    
    @ONLINE{jsoup,
      author = "Jonathan Hedley",
      title = "Jsoup: Java HTML Parser",
      year = "2015",
      url = "http://jsoup.org/",
      cited = "13.\,5.\,2014"
    }
    
    @ONLINE{phantomjs,
      author = "Ariya Hidayat",
      title = "PhantomJS",
      year = "2015",
      url = "http://phantomjs.org/",
      cited = "13.\,5.\,2014"
    }
    
    @ONLINE{java,
      author = "Oracle",
      title = "Java Platform, Standard Edition (Java SE) 8",
      year = "2015",
      url = "http://docs.oracle.com/javase/8/javase-clienttechnologies.htm",
      cited = "13.\,5.\,2014"
    }
    
    
